@MISC {1,
    author = "levigo Unternehmensgruppe",
    title  = "levigo.de: levigo gruppe: Unternehmen",
    note   = "\newline\url{https://www.levigo.de/unternehmen/} - Eingesehen am 01.08.2019"
}
@MISC {2,
    author = "Bundesamt für Sicherheit in der Informationstechnik",
    title  = "bsi.bund.de: Publikationen: TechnischeRichtlinien: TR-03125",
    note   = "\newline\url{https://www.bsi.bund.de/DE/Publikationen/TechnischeRichtlinien/tr03125/index_htm.html} - Eingesehen am 01.08.2019"
}
@MISC {11,
    author = "{Bundesamt für Justiz}",
    title  = "Handelsgesetzbuch",
    note   = "§ 325 Abs. 2a / § 238 / § 239 / § 257\newline\url{https://www.gesetze-im-internet.de/hgb/} - Eingesehen am 01.08.2019"
}
@MISC {12,
    author = "{Bundesamt für Justiz}",
    title  = "Umsatzsteuergesetz",
    note   = "§ 14\newline\url{https://www.gesetze-im-internet.de/ustg_1980/} - Eingesehen am 01.08.2019"
}
@MISC {13,
    author = "{Bundesamt für Justiz}",
    title  = "Abgabenordnung",
    note   = "§ 146 / § 147\newline\url{https://www.gesetze-im-internet.de/ao_1977/} - Eingesehen am 01.08.2019"
}
@MISC {14,
    author = "{Oberste Finanzbehörden der Länder}",
    title  = "Grundsätze zur ordnungsmäßigen Führung und Aufbewahrung von Büchern,  Aufzeichnungen und Unterlagen in elektronischer Form sowie zum Datenzugriff  (GoBD)",
    note   = "§ 1-13\newline\url{https://www.bundesfinanzministerium.de/Content/DE/Downloads/BMF_Schreiben/Weitere_Steuerthemen/Abgabenordnung/Datenzugriff_GDPdU/2014-11-14-GoBD.html} - Eingesehen am 01.08.2019"
}
@MISC {141,
    author = "{Oberste Finanzbehörden der Länder}",
    title  = "Grundsätze zur ordnungsmäßigen Führung und Aufbewahrung von Büchern,  Aufzeichnungen und Unterlagen in elektronischer Form sowie zum Datenzugriff  (GoBD)",
    note   = "§ 3.1\newline\url{https://www.bundesfinanzministerium.de/Content/DE/Downloads/BMF_Schreiben/Weitere_Steuerthemen/Abgabenordnung/Datenzugriff_GDPdU/2014-11-14-GoBD.html} - Eingesehen am 01.08.2019"
}
@MISC {15,
    author = "{Das Europäische Parlament und Rat}",
    title  = "Datenschutz-Grundverordnung (DSGVO)",
    note   = "Art. 5 - 6 / Art. 17 / Art. 30\newline\url{https://dsgvo-gesetz.de/} - Eingesehen am 01.08.2019"
}
@MISC {16,
    author = "{Bundesanstalt für Finanzdienstleistungsaufsicht}",
    title  = "Versicherungsaufsichtliche Anforderungen an die IT (VAIT)",
    note   = "II 4.25-32\newline\url{https://www.bafin.de/SharedDocs/Veroeffentlichungen/DE/Rundschreiben/2018/rs_18_10_vait_va.html} - Eingesehen am 01.08.2019"
}
@MISC {161,
    author = "{Bundesanstalt für Finanzdienstleistungsaufsicht}",
    title  = "Versicherungsaufsichtliche Anforderungen an die IT (VAIT)",
    note   = "II 4.27\newline\url{https://www.bafin.de/SharedDocs/Veroeffentlichungen/DE/Rundschreiben/2018/rs_18_10_vait_va.html} - Eingesehen am 01.08.2019"
}
@MISC {17,
    author = "{Bundesanstalt für Finanzdienstleistungsaufsicht}",
    title  = "Kapitalverwaltungsaufsichtliche Anforderungen an die IT (KAIT)",
    note   = "II 4.24-31\newline\url{https://www.bafin.de/SharedDocs/Veroeffentlichungen/DE/Konsultation/2019/kon_07_19_WA4_Konsultation_KAIT.html} - Eingesehen am 01.08.2019"
}
@MISC {18,
    author = "{Bundesanstalt für Finanzdienstleistungsaufsicht}",
    title  = "Bankaufsichtliche Anforderungen an die IT (BAIT)",
    note   = "II 4.15-22\newline\url{https://www.bafin.de/SharedDocs/Downloads/DE/Rundschreiben/dl_rs_1710_ba_BAIT.html} - Eingesehen am 01.08.2019"
}
@MISC {19,
    author = "{Bundesministerium für Gesundheit}",
    title  = "Arzneimittel- und Wirkstoffherstellungsverordnung (AMWHV)",
    note   = "\newline\url{https://www.gesetze-im-internet.de/amwhv/} - Eingesehen am 01.08.2019"
}
@MISC {20,
    author = "{Bundesministerium für Gesundheit}",
    title  = "EU - Good Manufacturing Practice, (EU-GMP)",
    note   = "Anhang 11 §8\newline\url{https://ec.europa.eu/health/sites/health/files/files/eudralex/vol-4/annex11_01-2011_en.pdf} - Eingesehen am 01.08.2019"
}
@INPROCEEDINGS {8494085,
    author    = "M. {Kumar} and A. K. {Singh} and T. V. {Suresh Kumar}",
    title     = "Secure Log Storage Using Blockchain and Cloud Infrastructure",
    booktitle = "2018 9th International Conference on Computing, Communication and Networking Technologies (ICCCNT)",
    year      = "2018",
    pages     = "1-4",
    month     = "July",
    keywords  = "cloud computing;security of data;system monitoring;Cloud platform;Blockchain technology;tamper-proof audit logs;log manipulation;secure log storage;cloud infrastructure;information technology;cyber-attacks;system logs;secure log records;log files;logging process;blockchain;Servers;Monitoring;Cloud computing;Secure storage;Scalability;Blockchain;Secure Log;Cloud Computing",
    doi       = "10.1109/ICCCNT.2018.8494085"
}
@INPROCEEDINGS {8574150,
    author    = "A. {Rasin} and J. {Wagner} and K. {Heart} and J. {Grier}",
    title     = "Establishing Independent Audit Mechanisms for Database Management Systems",
    booktitle = "2018 IEEE International Symposium on Technologies for Homeland Security (HST)",
    year      = "2018",
    pages     = "1-7",
    month     = "Oct",
    keywords  = "auditing;computer crime;digital forensics;meta data;independent audit mechanisms;independent audit framework;comprehensive audit framework;security threat;security breaches;database forensics methods;security audit tools;tamper-detection software;apriori database preparation;database forensic analysis;computer crimes;database management systems;file system metadata;storage image;malicious hacking;forensic audit tools;organizations;logging;Forensics;Databases;Tools;Security;Image reconstruction;Random access memory;Metadata;database forensics;security audit;evidence gathering",
    doi       = "10.1109/THS.2018.8574150"
}
@INPROCEEDINGS {8355333,
    author    = "A. {Haşiloğlu} and A. {Bali}",
    title     = "Central audit logging mechanism in personal data web services",
    booktitle = "2018 6th International Symposium on Digital Forensic and Security (ISDFS)",
    year      = "2018",
    pages     = "1-3",
    month     = "March",
    keywords  = "application program interfaces;auditing;Internet;security of data;Web services;Web service platform;personal data Web services;personal information;access logs;central audit logging mechanism;data source;Servers;Law;Databases;Simple object access protocol;Routing;Web Service;API;API Policy;Audit Logging;Personal Data",
    doi       = "10.1109/ISDFS.2018.8355333"
}
@INPROCEEDINGS {8280476,
    author    = "F. {Ning} and Y. {Wen} and G. {Shi} and D. {Meng}",
    title     = "Efficient tamper-evident logging of distributed systems via concurrent authenticated tree",
    booktitle = "2017 IEEE 36th International Performance Computing and Communications Conference (IPCCC)",
    year      = "2017",
    pages     = "1-9",
    month     = "Dec",
    keywords  = "concurrency control;cryptography;data integrity;data structures;digital signatures;distributed processing;program verification;system monitoring;tree data structures;secure logging system;resource-constrained systems;concurrent large-scale log streams;logarithmic number;data structure;chameleon hashing;analytical models;secure audit logging schemes;forward security;public verifiability;space-efficiency;log data;security community;log management tools;untrusted machine;audit logs;providing security;distributed system;tamper-evident logging;Merkle history tree;discrete log;concurrent authenticated tree;large-scale distributed systems;integrity verification;highly concurrent scale log streams;Merkle-tree approach;cryptographic hashing;large-scale distributed applications;Cats;Servers;Data structures;Authentication;Tools;History;Secure logging;Integrity;Concurrent Authentication;Chameleon hash",
    doi       = "10.1109/PCCC.2017.8280476",
    issn      = "2374-9628"
}
@INPROCEEDINGS {8280477,
    author    = "Scott A. Crosby and Dan S. Wallach",
    title     = "Efficient data structures for tamper-evident logging",
    booktitle = "In Proceedings of the 18th USENIX Security Symposium",
    year      = "2009"
}
@INPROCEEDINGS {6726483,
    author    = "T. S. {Khatri} and G. B. {Jethava}",
    title     = "Improving dynamic data integrity verification in cloud computing",
    booktitle = "2013 Fourth International Conference on Computing, Communications and Networking Technologies (ICCCNT)",
    year      = "2013",
    pages     = "1-6",
    month     = "July",
    keywords  = "cloud computing;data integrity;formal verification;information technology;public key cryptography;software architecture;storage management;dynamic data integrity verification;cloud computing;next generation architecture;IT enterprise;RSA based storage security;RSASS;public auditing;signature generation;public key cryptography;data storage;Merkle hash tree construction;Servers;Memory;Cloud computing;Protocols;Public key;Generators;Cloud Computing;Data Integrity Verification;RSA Signature;Merkle Hash Tree",
    doi       = "10.1109/ICCCNT.2013.6726483"
}
@INPROCEEDINGS {3286985,
    author    = "Ahmad, Ashar and Saad, Muhammad and Bassiouni, Mostafa and Mohaisen, Aziz",
    title     = "Towards Blockchain-Driven, Secure and Transparent Audit Logs",
    booktitle = "Proceedings of the 15th EAI International Conference on Mobile and Ubiquitous Systems: Computing, Networking and Services",
    year      = "2018",
    series    = "MobiQuitous '18",
    pages     = "443--448",
    address   = "New York, NY, USA",
    publisher = "ACM",
    isbn      = "978-1-4503-6093-7",
    location  = "New York, NY, USA",
    numpages  = "6",
    url       = "http://doi.acm.org/10.1145/3286978.3286985",
    doi       = "10.1145/3286978.3286985",
    acmid     = "3286985",
    keywords  = "Audit Log, Blockchain, Distributed Systems, Hyperledger"
}
@ARTICLE {7118074,
    author   = "J. {Margulies}",
    title    = "A Developer's Guide to Audit Logging",
    journal  = "IEEE Security Privacy",
    year     = "2015",
    volume   = "13",
    number   = "3",
    pages    = "84-86",
    month    = "May",
    keywords = "auditing;system monitoring;audit logging;developer guide;enterprise system monitoring;audit reduction tools;logging mechanisms;Computer security;Virtual private networks;NIST;IP networks;audit logging;audit log;SIEM;audit reduction;security information and event management system;security operations center;event code;Blue Coat ProxySG;security",
    doi      = "10.1109/MSP.2015.50",
    issn     = "1540-7993"
}
@ARTICLE {2458973,
    author     = "Lu, Wentian and Miklau, Gerome and Immerman, Neil",
    title      = "Auditing a Database Under Retention Policies",
    journal    = "The VLDB Journal",
    year       = "2013",
    volume     = "22",
    number     = "2",
    pages      = "203--228",
    month      = "apr",
    issue_date = "April 2013",
    issn       = "1066-8888",
    numpages   = "26",
    url        = "http://dx.doi.org/10.1007/s00778-012-0282-x",
    doi        = "10.1007/s00778-012-0282-x",
    acmid      = "2458973",
    publisher  = "Springer-Verlag New York, Inc.",
    address    = "Secaucus, NJ, USA",
    keywords   = "Auditing, Privacy, Retention policy"
}
@INPROCEEDINGS {1966944,
    author    = "Hasan, Ragib and Winslett, Marianne",
    title     = "Efficient Audit-based Compliance for Relational Data Retention",
    booktitle = "Proceedings of the 6th ACM Symposium on Information, Computer and Communications Security",
    year      = "2011",
    series    = "ASIACCS '11",
    pages     = "238--248",
    address   = "New York, NY, USA",
    publisher = "ACM",
    isbn      = "978-1-4503-0564-8",
    location  = "Hong Kong, China",
    numpages  = "11",
    url       = "http://doi.acm.org/10.1145/1966913.1966944",
    doi       = "10.1145/1966913.1966944",
    acmid     = "1966944",
    keywords  = "audit, forensics, regulatory compliance"
}
@INPROCEEDINGS {315340,
    author    = "C. J. {Bouras} and P. G. {Spirakis}",
    title     = "The perfect and imperfect clocks approach to performance analysis of basic timestamp ordering in distributed databases",
    booktitle = "Proceedings of ICCI'93: 5th International Conference on Computing and Information",
    year      = "1993",
    pages     = "403-407",
    month     = "May",
    keywords  = "distributed databases;synchronisation;fault tolerant computing;performance evaluation;imperfect clocks approach;perfect clocks approach;performance analysis;timestamp ordering;distributed databases;concurrency control;locking techniques;transaction conflicts;abort;throughput;Clocks;Performance analysis;Concurrency control;Database systems;Algorithm design and analysis;Concurrent computing;Testing;Analytical models;Synchronization;Particle measurements",
    doi       = "10.1109/ICCI.1993.315340"
}
@ARTICLE {359563,
    author     = "Lamport, Leslie",
    title      = "Time, Clocks, and the Ordering of Events in a Distributed System",
    journal    = "Commun. ACM",
    year       = "1978",
    volume     = "21",
    number     = "7",
    pages      = "558--565",
    month      = "jul",
    issue_date = "July 1978",
    issn       = "0001-0782",
    numpages   = "8",
    url        = "http://doi.acm.org/10.1145/359545.359563",
    doi        = "10.1145/359545.359563",
    acmid      = "359563",
    publisher  = "ACM",
    address    = "New York, NY, USA",
    keywords   = "clock synchronization, computer networks, distributed systems, multiprocess systems"
}
@INPROCEEDINGS {565838,
    author    = "{Chengzheng Sun} and P. {Maheshwari}",
    title     = "An efficient distributed single-phase protocol for total and causal ordering of group operations",
    booktitle = "Proceedings of 3rd International Conference on High Performance Computing (HiPC)",
    year      = "1996",
    pages     = "295-300",
    month     = "Dec",
    keywords  = "protocols;distributed processing;distributed single-phase protocol;causal ordering;total ordering;group operations;distributed systems;centralized coordinator;Distributed computing;Australia;Concurrent computing;Collaborative work;Multicast protocols;Sun;Clocks;Databases;Fault tolerant systems;Concurrency control",
    doi       = "10.1109/HIPC.1996.565838"
}
@ARTICLE {1041682,
    author     = "D{'e}fago, Xavier and Schiper, Andr{'e} and Urb'{a}n, P{'e}ter",
    title      = "Total Order Broadcast and Multicast Algorithms: Taxonomy and Survey",
    journal    = "ACM Comput. Surv.",
    year       = "2004",
    volume     = "36",
    number     = "4",
    pages      = "372--421",
    month      = "dec",
    issue_date = "December 2004",
    issn       = "0360-0300",
    numpages   = "50",
    url        = "http://doi.acm.org/10.1145/1041680.1041682",
    doi        = "10.1145/1041680.1041682",
    acmid      = "1041682",
    publisher  = "ACM",
    address    = "New York, NY, USA",
    keywords   = "Distributed systems, agreement problems, atomic broadcast, atomic multicast, classification, distributed algorithms, fault-tolerance, global ordering, group communication, message passing, survey, taxonomy, total ordering"
}
@BOOK {548089,
    author    = "Menezes, Alfred J. and Vanstone, Scott A. and Oorschot, Paul C. Van",
    title     = "Handbook of Applied Cryptography",
    publisher = "CRC Press, Inc.",
    year      = "1996",
    address   = "Boca Raton, FL, USA",
    edition   = "1st",
    isbn      = "0849385237"
}
@BOOK {1841202,
    author    = "Ferguson, Niels and Schneier, Bruce and Kohno, Tadayoshi",
    title     = "Cryptography Engineering: Design Principles and Practical Applications",
    publisher = "Wiley Publishing",
    year      = "2010",
    isbn      = "0470474246, 9780470474242"
}
@BOOK {5841204,
    author    = "Andreas M. Antonopoulos",
    title     = "Bitcoin \& Blockchain - Grundlagen und Programmierung, 2nd Edition",
    publisher = "dpunkt.verlag GmbH",
    year      = "2018",
    address   = "Heidelberg, Baden-Württemberg, Deutschland",
    isbn      = "9783960090717"
}
@book{40322788,
    title     = "Progress in Cryptology - INDOCRYPT 2005: 6th International Conference on Cryptology in India, Bangalore, India, December 10-12, 2005, Proceedings",
    author    = "Maitra, S. and Madhavan, C.E.V. and Venkatesan, R.",
    isbn      = "9783540322788",
    lccn      = "2005936804",
    series    = "Lecture Notes in Computer Science",
    url       = "https://books.google.de/books?id=MFUGCAAAQBAJ",
    year      = "2005",
    publisher = "Springer Berlin Heidelberg"
}
@misc{326652,
    author      = "Axelsson, Therese and Melani, Daniel",
    institution = "Karlstad University, Faculty of Economic Sciences, Communication and IT",
    pages       = "60",
    school      = "Karlstad University, Faculty of Economic Sciences, Communication and IT",
    title       = "Hash Comparison Module for OCFA",
    series      = "Karlstad University Studies",
    ISSN        = "1403-8099",
    number      = "C2010:17",
    keywords    = "Algorithms, database, hash, OCFA, FIVES, Computer Forensics",
    abstract    = "Child abuse content on the Internet is today an increasing problem and difficult to dealwith. The techniques used by paedophiles are getting more sophisticated which means ittakes more effort of the law enforcement to locate this content. To help solving this issue, a EU-funded project named FIVES is developing a set oftools to help investigations involving large amounts of image and video material. One ofthese tools aims to help identifying potentially illegal files by hash signatures derived fromusing classification information from another project. ",
    year        = "2010"
}
@INPROCEEDINGS{7496608, 
    author    = "G. {An} and G. {Kim} and S. {Lee}", 
    booktitle = "2016 International Conference on Selected Topics in Mobile Wireless Networking (MoWNeT)", 
    title     = "Consensus-based information synchronization for content-centric networks", 
    year      = "2016", 
    pages     = "1-2", 
    keywords  = "Internet;synchronisation;telecommunication traffic;consensus-based information synchronization;content-centric networks;Hazelcast;Internet traffic;consensus-based in-memory data grid;Synchronization;Internet;Monitoring;Mobile computing;Mobile communication;Floods;Recycling;Content Centric Network;Synchronization;Distributed System", 
    doi       = "10.1109/MoWNet.2016.7496608", 
    month     = "April",
}